<record><leader>00000cas a22000007a 4500</leader><controlfield tag="001">22256454</controlfield><controlfield tag="008">900822d18811uuucouuu ne      0    0eng d</controlfield><datafield ind1=" " ind2=" " tag="010"><subfield code="a">sn 90051549 </subfield></datafield><datafield ind1=" " ind2=" " tag="040"><subfield code="a">CNQ</subfield><subfield code="b">eng</subfield><subfield code="c">CNQ</subfield><subfield code="d">OCLCQ</subfield></datafield><datafield ind1=" " ind2=" " tag="042"><subfield code="a">msc</subfield></datafield><datafield ind1="0" ind2="0" tag="245"><subfield code="a">Silver Plume mining news.</subfield></datafield><datafield ind1=" " ind2=" " tag="260"><subfield code="a">Silver Plume, Clear Creek County, Colo. :</subfield><subfield code="b">Edwin A. Benedict</subfield></datafield><datafield ind1=" " ind2=" " tag="300"><subfield code="a">v.</subfield></datafield><datafield ind1=" " ind2=" " tag="588"><subfield code="a">Description based on: Vol. 1, no. 11 (Aug. 12, 1881).</subfield></datafield><datafield ind1=" " ind2=" " tag="752"><subfield code="a">United States</subfield><subfield code="b">Colorado</subfield><subfield code="c">Clear Creek</subfield><subfield code="d">Silver Plume.</subfield></datafield></record>